% Cytowania:

% csharpDocs


@misc{ csharpDocs, 
    title={{C\# documentation}},
    author={Microsoft},
    url={https://learn.microsoft.com/en-us/dotnet/csharp/},
    urldate={2022-07-05}
}